@online{HolocaustReferenzEmilAretz,
  author = {Jürgen Langowski},
  title = {Emil Aretz, Hexeneinmaleins einer Lüge},
  organization={Holocaust-Referenz Argumente gegen Auschwitzleugner},
  url = {https://www.h-ref.de/literatur/a/aretz-emil/hexeneinmaleins.php},
  urldate = {2024-02-13}
}

@book{HexenEinmalEins,
  title={Hexen-Einmal-Eins einer L{\"u}ge},
  author={Aretz, Emil},
  url={https://books.google.hu/books?id=OUEpAQAAMAAJ},
  year={1970},
  publisher={von Bebenburg}
}

@book{DirektVonDerRampeWeg,
  title={Auschwitz, "direkt von der Rampe weg": Kaduk, Erber, Klehr, 3 Täter geben zu Protokoll},
  author={Demant, Ebbo},
  isbn={9783499144387},
  lccn={80478221},
  series={Rororo aktuell},
  url={https://books.google.hu/books?id=LF8zAAAAMAAJ},
  year={1979},
  publisher={Rowohlt}
}

@misc{DreiDeutscheMörder,
    title={Drei Deutsche Mörder Aufzeichnungen über die Banalität des Bösen (Doku)},
    url={https://www.youtube.com/watch?v=JDzEKkovr0c},
    journal={YouTube},
    publisher={ARD},
    author={Demant, Ebbo},
    year={1999}
} 